<record><leader>00000cas a22000007a 4500</leader><controlfield tag="001">27904013</controlfield><controlfield tag="008">930412d18961901nmuqr ne      0    0eng d</controlfield><datafield ind1=" " ind2=" " tag="010"><subfield code="a">sn 93061391 </subfield></datafield><datafield ind1=" " ind2=" " tag="040"><subfield code="a">NVM</subfield><subfield code="b">eng</subfield><subfield code="c">NVM</subfield><subfield code="d">OCLCQ</subfield></datafield><datafield ind1=" " ind2=" " tag="042"><subfield code="a">msc</subfield></datafield><datafield ind1=" " ind2=" " tag="043"><subfield code="a">n-us-nm</subfield></datafield><datafield ind1=" " ind2="4" tag="050"><subfield code="a">LD3061.L467</subfield><subfield code="b">N672</subfield></datafield><datafield ind1="0" ind2=" " tag="130"><subfield code="a">Normal quarterly (Silver City, N.M.)</subfield></datafield><datafield ind1="1" ind2="4" tag="245"><subfield code="a">The Normal quarterly.</subfield></datafield><datafield ind1=" " ind2=" " tag="260"><subfield code="a">Silver City, N.M. :</subfield><subfield code="b">[New Mexico Normal School]</subfield></datafield><datafield ind1=" " ind2=" " tag="300"><subfield code="a">v.</subfield></datafield><datafield ind1=" " ind2=" " tag="310"><subfield code="a">Quarterly</subfield></datafield><datafield ind1="0" ind2=" " tag="362"><subfield code="a">Vol. 1, no. 1 (Nov. 10, 1896)-v. 5, no. 4 (Dec. 1901).</subfield></datafield><datafield ind1=" " ind2=" " tag="530"><subfield code="a">Also on microfilm: El Paso, Tex. : Southwest Micropublishing, Inc.</subfield></datafield><datafield ind1=" " ind2="4" tag="651"><subfield code="a">Silver City (N.M.)</subfield><subfield code="v">Newspapers.</subfield></datafield><datafield ind1=" " ind2="4" tag="651"><subfield code="a">Grant County (N.M.)</subfield><subfield code="v">Newspapers.</subfield></datafield><datafield ind1=" " ind2=" " tag="752"><subfield code="a">United States</subfield><subfield code="b">New Mexico</subfield><subfield code="c">Grant</subfield><subfield code="d">Silver City.</subfield></datafield><datafield ind1="0" ind2="0" tag="785"><subfield code="t">Normalite</subfield><subfield code="w">(DLC)sn 92070591</subfield></datafield><datafield ind1="1" ind2=" " tag="029"><subfield code="a">AU@</subfield><subfield code="b">000020743146</subfield></datafield></record>